@article{Feige1998A,
  title={A threshold of ln n for approximating set cover},
  author={Feige, Uriel},
  journal={Journal of the Acm},
  volume={45},
  number={4},
  pages={634-652},
  year={1998},
}
@article{Bresenham1965Algorithm,
  title={Algorithm for computer control of a digital plotter},
  author={Bresenham, J. E},
  journal={Ibm Systems Journal},
  volume={4},
  number={1},
  pages={25-30},
  year={1965},
}
@article{Nash2014Theta,
  title={Theta*: Any-Angle Path Planning on Grids},
  author={Nash, Alex and Daniel, Kenny and Koenig, Sven and Feiner, Ariel},
  journal={Journal of Artificial Intelligence Research},
  volume={39},
  number={1},
  pages={533-579},
  year={2014},
}
@article{Kirkpatrick1983Optimization,
  title={Optimization by Simulated Annealing},
  author={Kirkpatrick, S and Jr, Gelatt Cd and Vecchi, M. P.},
  journal={Science},
  volume={220},
  number={4598},
  pages={671},
  year={1983},
}